@book{knuth1984texbook,
  author    = {Donald E. Knuth},
  title     = {The TeXbook},
  year      = {1984},
  publisher = {Addison-Wesley}
}

@article{einstein1905,
  author  = {Einstein, Albert},
  title   = {On the Electrodynamics of Moving Bodies},
  journal = {Annalen der Physik},
  year    = {1905},
  volume  = {17},
  pages   = {891--921},
}